@InProceedings{kiesel:2019,
  author =              {Johannes Kiesel and Maria Mestre and Rishabh Shukla and Emmanuel Vincent and Payam Adineh and David Corney and Benno Stein and Martin Potthast},
  booktitle =           {{Proceedings of The 13th International Workshop on Semantic Evaluation (SemEval 2019)}},
  publisher =           {Association for Computational Linguistics},
  title = 	            {{SemEval-2019 Task 4: Hyperpartisan News Detection}},
  year =                {2019}
}

@InCollection{potthast:2019,
  author =              {Martin Potthast and Tim Gollub and Matti Wiegmann and Benno Stein},
  booktitle =           {{Information Retrieval Evaluation in a Changing World - Lessons Learned from 20 Years of CLEF}},
  editor =              {Nicola Ferro and Carol Peters},
  publisher =           {Springer},
  title =               {{TIRA Integrate Research Environment}},
  year =                {2019}
}

@InProceedings{potthast:2018,
  author =              {Martin Potthast and Johannes Kiesel and Kevin Reinartz and {Ja\-nek} Bevendorff and Benno Stein},
  booktitle =           {{56th Annual Meeting of the Association for Computational Linguistics (ACL 2018)}},
  month =               jul,
  pages =               {231-240},
  publisher =           {Association for Computational Linguistics},
  site =                {Melbourne},
  title =               {{A Stylometric Inquiry into Hyperpartisan and Fake News}},
  url =                 {https://aclanthology.info/papers/P18-1022/p18-1022},
  year =                2018
}


@inproceedings{doumit2011online,
  title={Online news media bias analysis using an LDA-NLP approach},
  author={Doumit, Sarjoun and Minai, Ali},
  booktitle={International Conference on Complex Systems},
  year={2011}
}